  @misc{windTurbineMaterial,
  author = "Iberdrola",
  title = "The main curiosities of wind turbines and its blades revealed",
  url = "https://www.iberdrola.com/press-room/top-stories/wind-turbines-blades",
  note = {Online; accessed 10 May 2020 16:32:10},
  year = 2020
}
