  @misc{,
  author = "Wilson, J.",
  title = "Volume of a Frustum of a Right Circular Cone",
  url = "http://jwilson.coe.uga.edu/emt725/Frustum/Frustum.cone.html",
  note = {Online; accessed 28 December 2019 21:55:19}
}
